% It is reasonable to get all entries of your .bib file from 
% www.ams.org/mathscinet
% When looking at a review you click "Select alternative format"
% and then bibtex

% If you want your bibliography to be less noisy, it's generally safe
% to delete (or put opt in front of) 
% ISSN, MRCLASS, MRNUMBER, MRREVIEWER, DOI and URL



@article {mcninch-linearityforactions, 
    AUTHOR = {McNinch, George J.}, 
     TITLE = {Linearity for actions on vector groups}, 
   JOURNAL = {J. Algebra}, 
  FJOURNAL = {Journal of Algebra}, 
    VOLUME = {397}, 
      YEAR = {2014}, 
     PAGES = {666--688}, 
      optISSN = {0021-8693}, 
   optMRCLASS = {20G15}, 
  optMRNUMBER = {3119244}, 
optMRREVIEWER = {Timothy C. Burness}, 
       optDOI = {10.1016/j.jalgebra.2013.08.030}, URL = 
       {http://dx.doi.org/10.1016/j.jalgebra.2013.08.030}, 
}

@article {EGAI,
    AUTHOR = {Grothendieck, A.},
     TITLE = {\'El\'ements de g\'eom\'etrie alg\'ebrique. {I}. {L}e langage des
              sch\'emas},
   JOURNAL = {Inst. Hautes \'Etudes Sci. Publ. Math.},
  FJOURNAL = {Institut des Hautes \'Etudes Scientifiques. Publications
              Math\'ematiques},
    optNUMBER = {4},
      YEAR = {1960},
     PAGES = {228},
      optISSN = {0073-8301},
   optMRCLASS = {14.55},
  optMRNUMBER = {0217083},
       optURL = {http://www.numdam.org/item?id=PMIHES_1960__4__228_0},
}

@book {dummitfoote,
    AUTHOR = {Dummit, David S. and Foote, Richard M.},
     TITLE = {Abstract algebra},
   EDITION = {Third},
 PUBLISHER = {John Wiley \& Sons, Inc., Hoboken, NJ},
      YEAR = {2004},
     PAGES = {xii+932},
      optISBN = {0-471-43334-9},
   optMRCLASS = {00-01 (16-01 20-01)},
  optMRNUMBER = {2286236},
}
